@article{gong2012training,
  title={Training feed-forward neural networks using the gradient descent method with the optimal stepsize},
  author={Gong, Liang and Liu, Chengliang and Li, Yanming and Yuan, Fuqing},
  journal={Journal of Computational Information Systems},
  volume={8},
  number={4},
  pages={1359--1371},
  year={2012},
  publisher={Binary Information Press}
}

@inproceedings{soni2013performance,
  title={Performance evaluation of multilayer feed forward neural network for handwritten English Vowels Characters},
  author={Soni, Rajesh and Puja, Durga},
  booktitle={Information Systems and Computer Networks (ISCON), 2013 International Conference on},
  pages={82--87},
  year={2013},
  organization={IEEE}
}

@inproceedings{laibin2009novel,
  title={A Novel BP Algorithm for Pipeline Condition Recognition},
  author={Laibin, Zhang and Yingchun, Ye and Wei, Liang and Dongliang, Yu and Zhaohui, Wang},
  booktitle={Computer Science and Information Engineering, 2009 WRI World Congress on},
  volume={4},
  pages={220--224},
  year={2009},
  organization={IEEE}
}

@inproceedings{cetin1993global,
  title={Global descent replaces gradient descent to avoid local minima problem in learning with artificial neural networks},
  author={Cetin, Bedri C and Burdick, Joel W and Barhen, Jacob},
  booktitle={Neural Networks, 1993., IEEE International Conference on},
  pages={836--842},
  year={1993},
  organization={IEEE}
}

@article{baldi1995gradient,
  title={Gradient descent learning algorithm overview: A general dynamical systems perspective},
  author={Baldi, Pierre},
  journal={Neural Networks, IEEE Transactions on},
  volume={6},
  number={1},
  pages={182--195},
  year={1995},
  publisher={IEEE}
}

@inproceedings{uludag2009fitness,
  title={Fitness landscape analysis of differential evolution algorithms},
  author={Uludag, G{\"o}n{\"u}l and Uyar, A Sima},
  booktitle={Soft Computing, Computing with Words and Perceptions in System Analysis, Decision and Control, 2009. ICSCCW 2009. Fifth International Conference on},
  pages={1--4},
  year={2009},
  organization={IEEE}
}

@inproceedings{merkuryeva2010comparative,
  title={Comparative analysis of statistical and information measures for benchmark fitness landscapes},
  author={Merkuryeva, Galina and Bolshakovs, Vitalijs},
  booktitle={Computer Modeling and Simulation (EMS), 2010 Fourth UKSim European Symposium on},
  pages={96--101},
  year={2010},
  organization={IEEE}
}

@inproceedings{malan2014progressive,
  title={A progressive random walk algorithm for sampling continuous fitness landscapes},
  author={Malan, Katherine M and Engelbrecht, Andries P},
  booktitle={Evolutionary Computation (CEC), 2014 IEEE Congress on},
  pages={2507--2514},
  year={2014},
  organization={IEEE}
}

@incollection{gallagher2001fitness,
  title={Fitness distance correlation of neural network error surfaces: A scalable, continuous optimization problem},
  author={Gallagher, Marcus},
  booktitle={Machine Learning: ECML 2001},
  pages={157--166},
  year={2001},
  publisher={Springer}
}

@inproceedings{mersmann2011exploratory,
  title={Exploratory landscape analysis},
  author={Mersmann, Olaf and Bischl, Bernd and Trautmann, Heike and Preuss, Mike and Weihs, Claus and Rudolph, G{\"u}nter},
  booktitle={Proceedings of the 13th annual conference on Genetic and evolutionary computation},
  pages={829--836},
  year={2011},
  organization={ACM}
}

@inproceedings{malan2014particle,
  title={Particle swarm optimisation failure prediction based on fitness landscape characteristics},
  author={Malan, Katherine M and Engelbrecht, Andries P},
  booktitle={Swarm Intelligence (SIS), 2014 IEEE Symposium on},
  pages={1--9},
  year={2014},
  organization={IEEE}
}

@article{munoz2015effects,
  title={Effects of function translation and dimensionality reduction on landscape analysis},
  author={Munoz, Mario A and Smith-Miles, Kate}
}